<record><leader>00000cas a22000007a 4500</leader><controlfield tag="001">8782369</controlfield><controlfield tag="008">820917d18741875ksuwr ne      0   a0eng  </controlfield><controlfield tag="009">466</controlfield><datafield ind1=" " ind2=" " tag="010"><subfield code="a">sn 82014458 </subfield></datafield><datafield ind1=" " ind2=" " tag="040"><subfield code="a">DLC</subfield><subfield code="b">eng</subfield><subfield code="c">DLC</subfield><subfield code="d">NPT</subfield><subfield code="d">DLC</subfield></datafield><datafield ind1="1" ind2=" " tag="029"><subfield code="a">AU@</subfield><subfield code="b">000025818040</subfield></datafield><datafield ind1=" " ind2=" " tag="042"><subfield code="a">msc</subfield></datafield><datafield ind1="0" ind2="0" tag="050"><subfield code="a">Newspaper 7815</subfield></datafield><datafield ind1="0" ind2="0" tag="245"><subfield code="a">Holton express and Jackson County news.</subfield></datafield><datafield ind1="0" ind2="3" tag="246"><subfield code="a">Express</subfield></datafield><datafield ind1=" " ind2=" " tag="260"><subfield code="a">Holton, Kan. :</subfield><subfield code="b">F.A. Root,</subfield><subfield code="c">1874-1875.</subfield></datafield><datafield ind1=" " ind2=" " tag="300"><subfield code="a">1 v. ;</subfield><subfield code="c">59 cm.</subfield></datafield><datafield ind1=" " ind2=" " tag="310"><subfield code="a">Weekly</subfield></datafield><datafield ind1="0" ind2=" " tag="362"><subfield code="a">Vol. 2, no. 44 (Feb. 6, 1874)-v. 7, no. 51 (Mar. 26, 1875).</subfield></datafield><datafield ind1=" " ind2=" " tag="500"><subfield code="a">Published on Friday.</subfield></datafield><datafield ind1=" " ind2=" " tag="500"><subfield code="a">"Republican."</subfield></datafield><datafield ind1=" " ind2=" " tag="515"><subfield code="a">Continues numbering of Holton news, Apr. 10, 1864-Mar. 26, 1875.</subfield></datafield><datafield ind1=" " ind2=" " tag="752"><subfield code="a">United States</subfield><subfield code="b">Kansas</subfield><subfield code="c">Jackson</subfield><subfield code="d">Holton.</subfield></datafield><datafield ind1="0" ind2="4" tag="780"><subfield code="t">Holton express</subfield><subfield code="w">(DLC)sn 84027628</subfield></datafield><datafield ind1="0" ind2="4" tag="780"><subfield code="t">Holton news</subfield><subfield code="w">(DLC)sn 84027597</subfield></datafield><datafield ind1="0" ind2="7" tag="785"><subfield code="t">Holton recorder (Holton, Kan. : 1875)</subfield><subfield code="w">(DLC)sn 85029028</subfield></datafield><datafield ind1="0" ind2="7" tag="785"><subfield code="t">Holton recorder and express</subfield><subfield code="w">(DLC)sn 85029029</subfield></datafield></record>